@article{Knuth1989TeX,
    author = {Knuth, Donald E.},
    title = {The errors of {\TeX}},
    journal = {Software, Practices and Experience},
    volume = {19},
    year = {1989},
    number = {7},
    pages = {607--685},
    doi = {10.1002/spe.4380190702},
    note = {},
}

@article{Jin2005ESE,
    author = {Jin, Ruichen and Chen, Wei and Sudjianto, Agus},
    title = {An efficient algorithm for constructing optimal design of computer experiments},
    journal = {Journal of Statistical Planning and Inference},
    year = {2005},
    volume = {134},
    number = {1},
    pages = {268--287},
    doi = {10.1016/j.jspi.2004.02.014},
    note = {},
}

@article{Name2023JCP,
    author = {Name, Student Full},
    title = {Title of the article still in review},
    journal = {Journal of Computational Physics},
    year = {},
    volume = {},
    number = {},
    pages = {},
    doi = {},
    note = {in review},
}